% General
@article{stouffer.2011,
  title={Guide to industrial control systems (ICS) security},
  author={Stouffer, Keith and Falco, Joe and Scarfone, Karen},
  journal={NIST special publication},
  volume={800},
  number={82},
  pages={16--16},
  year={2011}
}
@misc{dragos.19,
  author = "{Dragos}",
  title = "2019 - Year in Review: The ICS Landcape and Threat Activity Groups",
  year = "2020",
}
@misc{cyberx.19,
  author = "{CyberX}",
  title = " 2020 Global IoT/ICS Risk Report",
  year = "2020",
}
@techreport{hemsley.18,
  title={History of industrial control system cyber incidents},
  author={Hemsley, Kevin E and Fisher, E and others},
  year={2018},
  institution={Idaho National Lab.(INL), Idaho Falls, ID (United States)}
}

% BlackEnergy
@article{eisac.16,
  title={Analysis of the cyber attack on the Ukrainian power grid},
  author={Case, Defense Use},
  journal={Electricity Information Sharing and Analysis Center (E-ISAC)},
  volume={388},
  year={2016}
}

% Crashoverride

% Triton
@inproceedings{pinto.18,
  title={TRITON: The first ICS cyber attack on safety instrument systems},
  author={Di Pinto, AC Alessandro and Dragoni, Younes and Carcano, Andrea},
  booktitle={Proc. Black Hat USA},
  pages={1--26},
  year={2018}
}

% Norsk Hydra
@misc{jogenfors.20,
  author = "{Jonathan Jogenfors}",
  title = "Digital Forensics and ICS: Why and how?",
  year = "2020",
  howpublished = "\url{https://www.youtube.com/watch?v=Yv0LVcKzkXM&t=}",
  note = "[Online; accessed 15-April-2020]"
}